
@book{agresti_statistical_2009,
	edition = {4},
	title = {Statistical {Methods} for the {Social} {Sciences}},
	isbn = {978-0-13-027295-9},
	publisher = {Pearson Education},
	author = {Agresti, Alan and Finlay, Babara},
	year = {2009}
}

@book{treiman_quantitative_2009,
	title = {Quantitative {Data} {Analysis}: {Doing} {Social} {Research} to {Test} {Ideas}},
	isbn = {978-0-470-38003-1},
	publisher = {Jossey-Bass},
	author = {Treiman, Donald},
	year = {2009}
}